<record><leader>00000cas a2200000 a 4500</leader><controlfield tag="001">9438989</controlfield><controlfield tag="008">830422d18361838moudn ne      0   a0eng c</controlfield><datafield ind1=" " ind2=" " tag="010"><subfield code="a">sn 83025420 </subfield></datafield><datafield ind1=" " ind2=" " tag="040"><subfield code="a">NPV</subfield><subfield code="b">eng</subfield><subfield code="c">NPV</subfield><subfield code="d">MQN</subfield><subfield code="d">OCLCQ</subfield><subfield code="d">CRL</subfield><subfield code="d">CUI</subfield><subfield code="d">OCLCQ</subfield><subfield code="d">OCLCF</subfield></datafield><datafield ind1=" " ind2=" " tag="042"><subfield code="a">pcc</subfield></datafield><datafield ind1=" " ind2=" " tag="043"><subfield code="a">n-us-mo</subfield></datafield><datafield ind1=" " ind2=" " tag="045"><subfield code="a">w3w3</subfield></datafield><datafield ind1=" " ind2="4" tag="050"><subfield code="a">AN</subfield></datafield><datafield ind1=" " ind2=" " tag="052"><subfield code="a">4163</subfield><subfield code="b">S35</subfield></datafield><datafield ind1="0" ind2="0" tag="245"><subfield code="a">Daily commercial bulletin and Missouri literary register.</subfield></datafield><datafield ind1="3" ind2="0" tag="246"><subfield code="a">Daily commercial bulletin</subfield></datafield><datafield ind1="3" ind2="0" tag="246"><subfield code="a">Missouri literary register</subfield></datafield><datafield ind1=" " ind2=" " tag="260"><subfield code="a">St. Louis, Mo. :</subfield><subfield code="b">Clark and Ramsey,</subfield><subfield code="c">1836-1838.</subfield></datafield><datafield ind1=" " ind2=" " tag="300"><subfield code="a">v. :</subfield><subfield code="b">ill.</subfield></datafield><datafield ind1=" " ind2=" " tag="310"><subfield code="a">Daily (except Sun.)</subfield></datafield><datafield ind1="1" ind2=" " tag="362"><subfield code="a">Began with: Vol. 2, no. 42 (Aug. 22, 1836).</subfield></datafield><datafield ind1="0" ind2=" " tag="362"><subfield code="a">-v. 2, no. 240 [i.e. : 246] (June 16, 1838).</subfield></datafield><datafield ind1=" " ind2=" " tag="515"><subfield code="a">Vol. 2, no. 42 (Aug. 22, 1836) constitutes new series, vol. 1, no. 1 (whole number 199).</subfield></datafield><datafield ind1=" " ind2=" " tag="530"><subfield code="a">Available on microfilm from The State Historical Society of Wisconsin.</subfield></datafield><datafield ind1=" " ind2=" " tag="588"><subfield code="a">Description based on: V. 2, no. 42 (Aug. 22, 1836).</subfield></datafield><datafield ind1=" " ind2="0" tag="651"><subfield code="a">Saint Louis (Mo.)</subfield><subfield code="v">Newspapers.</subfield></datafield><datafield ind1=" " ind2="7" tag="655"><subfield code="a">Newspapers.</subfield><subfield code="2">fast</subfield><subfield code="0">(OCoLC)fst01423814</subfield></datafield><datafield ind1=" " ind2="7" tag="651"><subfield code="a">Missouri</subfield><subfield code="z">Saint Louis.</subfield><subfield code="2">fast</subfield><subfield code="0">(OCoLC)fst01204930</subfield></datafield><datafield ind1=" " ind2=" " tag="752"><subfield code="a">United States</subfield><subfield code="b">Missouri</subfield><subfield code="d">Saint Louis.</subfield></datafield><datafield ind1="0" ind2="8" tag="776"><subfield code="i">Online version:</subfield><subfield code="t">Daily commercial bulletin and Missouri literary register</subfield><subfield code="w">(OCoLC)607361372</subfield></datafield><datafield ind1="0" ind2="0" tag="780"><subfield code="t">St. Louis commercial bulletin and Missouri literary register</subfield><subfield code="w">(DLC)sn 87052209</subfield><subfield code="w">(OCoLC)15212273</subfield></datafield><datafield ind1="0" ind2="0" tag="785"><subfield code="t">Daily commercial bulletin (Saint Louis, Mo. : 1838)</subfield><subfield code="w">(DLC)sn 83025421</subfield><subfield code="w">(OCoLC)9439067</subfield></datafield></record>